<?xml version="1.0" encoding="UTF-8"?>
<collection xmlns:xsi="http://www.w3.org/2001/XMLSchema-instance" xsi:schemaLocation="http://www.loc.gov/MARC21/slim http://www.loc.gov/standards/marcxml/schema/MARC21slim.xsd" xmlns="http://www.loc.gov/MARC21/slim">
<record>
  <leader>01110cam a2200265   4500</leader>
  <controlfield tag="001">2752263</controlfield>
  <controlfield tag="003">NNC</controlfield>
  <controlfield tag="005">20130425222959.0</controlfield>
  <controlfield tag="008">830322m19689999iq h          000 0cara  </controlfield>
  <datafield tag="010" ind1=" " ind2=" ">
    <subfield code="a">   79235910 //r</subfield>
  </datafield>
  <datafield tag="035" ind1=" " ind2=" ">
    <subfield code="a">(OCoLC)ocm09332240</subfield>
  </datafield>
  <datafield tag="035" ind1=" " ind2=" ">
    <subfield code="9">ARL7436CU</subfield>
  </datafield>
  <datafield tag="035" ind1=" " ind2=" ">
    <subfield code="a">(NNC)2752263</subfield>
  </datafield>
  <datafield tag="040" ind1=" " ind2=" ">
    <subfield code="a">DLC</subfield>
    <subfield code="c">TKN</subfield>
    <subfield code="d">TKN</subfield>
    <subfield code="d">ZCU</subfield>
  </datafield>
  <datafield tag="050" ind1="0" ind2=" ">
    <subfield code="a">DS51.B3</subfield>
    <subfield code="b">M84</subfield>
  </datafield>
  <datafield tag="100" ind1="1" ind2=" ">
    <subfield code="a">Mundhirī, ʻAbd al-ʻAẓīm ibn ʻAbd al-Qawī,</subfield>
    <subfield code="d">1185-1258.</subfield>
  </datafield>
  <datafield tag="245" ind1="1" ind2="3">
    <subfield code="a">al-Takmilah li-Wafayāt al-naqlah</subfield>
    <subfield code="c">[ʾAllafahū] Zakī al-Dīn AbūMuḥammad ʻAbd al-ʻAẓīm Ibn ʻAbd al-Qawī al-Mundhirī. Ḥaqqaqahū wa-ʻAllaqa ʻAlayhi Bashshār ʻAwwād Maʻrūf.</subfield>
  </datafield>
  <datafield tag="260" ind1=" " ind2=" ">
    <subfield code="a">al-Najaf,</subfield>
    <subfield code="b">Maṭbaʻat al-ʾĀdāb</subfield>
    <subfield code="c">1968-</subfield>
  </datafield>
  <datafield tag="300" ind1=" " ind2=" ">
    <subfield code="a">v.</subfield>
    <subfield code="b">facsims.</subfield>
    <subfield code="c">24 cm.</subfield>
  </datafield>
  <datafield tag="500" ind1=" " ind2=" ">
    <subfield code="a">Cover title: at-Takmilah liwafayat an-naqlah; von Zaki ad-Din al-Mundhiri.</subfield>
  </datafield>
  <datafield tag="505" ind1="0" ind2=" ">
    <subfield code="a">Mujallad 1. 582-591 H.- Mujallad 2. 592-599 H.- Mujallad 3. 581-656 H.- Mujallad 4. 609-616 H.</subfield>
  </datafield>
  <datafield tag="651" ind1=" " ind2="0">
    <subfield code="a">Baghdad (Iraq)</subfield>
    <subfield code="v">Biography.</subfield>
  </datafield>
  <datafield tag="700" ind1="1" ind2=" ">
    <subfield code="a">Maʻrūf, Bashshār ʻAwwād,</subfield>
    <subfield code="e">editor.</subfield>
  </datafield>
  <datafield tag="740" ind1="0" ind2="1">
    <subfield code="a">at-Takmilah liwafayat an-naqlah.</subfield>
  </datafield>
  <datafield tag="955" ind1=" " ind2=" ">
    <subfield code="b">CU17710600</subfield>
    <subfield code="d">off,glx</subfield>
    <subfield code="e">DS51.B3 M84</subfield>
    <subfield code="v">v.2</subfield>
  </datafield>
</record>
</collection>